<record><leader>00000cas a2200000 a 4500</leader><controlfield tag="001">56606002</controlfield><controlfield tag="008">040930d19291941cauwr ne      0    0eng c</controlfield><datafield ind1=" " ind2=" " tag="010"><subfield code="a">sn2004061166</subfield></datafield><datafield ind1=" " ind2=" " tag="040"><subfield code="a">CNK</subfield><subfield code="b">eng</subfield><subfield code="c">CNK</subfield><subfield code="d">OCLCQ</subfield><subfield code="d">OCLCF</subfield><subfield code="d">OCLCO</subfield></datafield><datafield ind1="1" ind2=" " tag="029"><subfield code="a">AU@</subfield><subfield code="b">000026267466</subfield></datafield><datafield ind1=" " ind2=" " tag="042"><subfield code="a">pcc</subfield></datafield><datafield ind1=" " ind2=" " tag="043"><subfield code="a">n-us-ca</subfield></datafield><datafield ind1="0" ind2=" " tag="130"><subfield code="a">Citizen (Culver City, Calif.)</subfield></datafield><datafield ind1="1" ind2="4" tag="245"><subfield code="a">The citizen.</subfield></datafield><datafield ind1=" " ind2=" " tag="260"><subfield code="a">Culver City, Calif. :</subfield><subfield code="b">Eugene Donovan</subfield></datafield><datafield ind1=" " ind2=" " tag="300"><subfield code="a">v.</subfield></datafield><datafield ind1=" " ind2=" " tag="310"><subfield code="a">Weekly</subfield></datafield><datafield ind1="0" ind2=" " tag="362"><subfield code="a">Vol. 4, no. 34 [sic] (Dec. 6, 1929)-v. 15, no. 48 (Apr. 25, 1941).</subfield></datafield><datafield ind1=" " ind2=" " tag="515"><subfield code="a">Vol. and numbering designations are irregular.</subfield></datafield><datafield ind1=" " ind2="0" tag="651"><subfield code="a">Culver City (Calif.)</subfield><subfield code="v">Newspapers.</subfield></datafield><datafield ind1=" " ind2="7" tag="655"><subfield code="a">Newspapers.</subfield><subfield code="2">fast</subfield><subfield code="0">(OCoLC)fst01423814</subfield></datafield><datafield ind1=" " ind2="7" tag="651"><subfield code="a">California</subfield><subfield code="z">Culver City.</subfield><subfield code="2">fast</subfield><subfield code="0">(OCoLC)fst01213894</subfield></datafield><datafield ind1=" " ind2=" " tag="752"><subfield code="a">United States</subfield><subfield code="b">California</subfield><subfield code="c">Los Angeles</subfield><subfield code="d">Culver City.</subfield></datafield><datafield ind1="0" ind2="0" tag="780"><subfield code="t">Western citizen (Barnes City, Los Angeles, Calif.)</subfield><subfield code="w">(DLC)sn2004061165</subfield></datafield><datafield ind1="0" ind2="7" tag="785"><subfield code="t">Cheviot chatter</subfield><subfield code="w">(DLC)sn2004061169</subfield></datafield><datafield ind1="0" ind2="7" tag="785"><subfield code="t">Citizen and Cheviot chatter (Culver City, Calif.)</subfield><subfield code="w">(DLC)sn2004061170</subfield></datafield></record>